<record><leader>00000cas a22000007a 4500</leader><controlfield tag="001">11233277</controlfield><controlfield tag="008">841005d19641981nyuwr ne      0    0eng d</controlfield><datafield ind1=" " ind2=" " tag="010"><subfield code="a">sn 84031819 </subfield></datafield><datafield ind1=" " ind2=" " tag="040"><subfield code="a">NYG</subfield><subfield code="b">eng</subfield><subfield code="c">NYG</subfield><subfield code="d">NYS</subfield><subfield code="d">OCLCQ</subfield><subfield code="d">WKM</subfield><subfield code="d">OCLCQ</subfield><subfield code="d">OCLCF</subfield><subfield code="d">OCLCO</subfield></datafield><datafield ind1="1" ind2=" " tag="029"><subfield code="a">AU@</subfield><subfield code="b">000020347924</subfield></datafield><datafield ind1=" " ind2=" " tag="042"><subfield code="a">msc</subfield></datafield><datafield ind1=" " ind2=" " tag="043"><subfield code="a">n-us-ny</subfield></datafield><datafield ind1="0" ind2="4" tag="245"><subfield code="a">The Times-journal, the Cobleskill index.</subfield></datafield><datafield ind1="3" ind2="0" tag="246"><subfield code="a">Times journal</subfield></datafield><datafield ind1="3" ind2="0" tag="246"><subfield code="a">Cobleskill index</subfield></datafield><datafield ind1=" " ind2=" " tag="260"><subfield code="a">Cobleskill, N.Y. :</subfield><subfield code="b">Charles R. Ryder</subfield></datafield><datafield ind1=" " ind2=" " tag="300"><subfield code="a">v. :</subfield><subfield code="b">ill. ;</subfield><subfield code="c">58 cm.</subfield></datafield><datafield ind1=" " ind2=" " tag="310"><subfield code="a">Weekly</subfield></datafield><datafield ind1="0" ind2=" " tag="362"><subfield code="a">90th year, no. 7 (Feb. 12, 1964)-105th year, no. 12 (Mar. 25, 1981).</subfield></datafield><datafield ind1=" " ind2=" " tag="500"><subfield code="a">"A county paper."</subfield></datafield><datafield ind1=" " ind2=" " tag="500"><subfield code="a">"Also continuing the Cobleskill times, Schoharie County journal, Cherry Valley gazette and news, Sharon Springs record, the Schoharie Republican."</subfield></datafield><datafield ind1=" " ind2="0" tag="651"><subfield code="a">Cobleskill (N.Y.)</subfield><subfield code="v">Newspapers.</subfield></datafield><datafield ind1=" " ind2="0" tag="651"><subfield code="a">Schoharie County (N.Y.)</subfield><subfield code="v">Newspapers.</subfield></datafield><datafield ind1=" " ind2="7" tag="655"><subfield code="a">Newspapers.</subfield><subfield code="2">fast</subfield><subfield code="0">(OCoLC)fst01423814</subfield></datafield><datafield ind1=" " ind2="7" tag="651"><subfield code="a">New York (State)</subfield><subfield code="z">Cobleskill.</subfield><subfield code="2">fast</subfield><subfield code="0">(OCoLC)fst01220346</subfield></datafield><datafield ind1=" " ind2="7" tag="651"><subfield code="a">New York (State)</subfield><subfield code="z">Schoharie County.</subfield><subfield code="2">fast</subfield><subfield code="0">(OCoLC)fst01211828</subfield></datafield><datafield ind1=" " ind2=" " tag="752"><subfield code="a">United States</subfield><subfield code="b">New York</subfield><subfield code="c">Schoharie</subfield><subfield code="d">Cobleskill.</subfield></datafield><datafield ind1="0" ind2="4" tag="780"><subfield code="t">Cobleskill index, the Schoharie Republican</subfield><subfield code="w">(DLC)sn 88075662</subfield></datafield><datafield ind1="0" ind2="4" tag="780"><subfield code="t">Times-journal (Cobleskill, N.Y. : 1955)</subfield><subfield code="w">(DLC)sn 88074432</subfield><subfield code="w">(OCoLC)18056370</subfield></datafield><datafield ind1="0" ind2="0" tag="785"><subfield code="t">Times-journal (Cobleskill, N.Y. : 1981)</subfield><subfield code="w">(DLC)sn 88075661</subfield></datafield></record>